% Encoding: UTF-8

@Misc{Rehn2006Sortieralgorithmen,
  author    = {Christian Rehn},
  title     = {Sortieralgorithmen unter mathematischen Gesichtspunkten},
  timestamp = {2017-05-26},
  url       = {http://www.christian-rehn.de/wp-content/uploads/2009/08/Sortieralgorithmen.pdf},
}

@Book{InformatikKompakt2005,
  title     = {Informatik kompakt},
  publisher = {Springer-Verlag},
  year      = {2005},
  author    = {Katharina Morik and Volker Klingspor},
  isbn      = {978-3-540-24304-5},
  date      = {2005-09-07},
  ean       = {9783540243045},
  pagetotal = {244},
  url       = {http://www.ebook.de/de/product/3901119/volker_klingspor_katharina_morik_informatik_kompakt.html},
}

@Book{SaDT2011,
  title     = {Software and Data Technologies},
  publisher = {Springer-Verlag},
  year      = {2011},
  isbn      = {978-3-642-20115-8},
  date      = {2011-04-09},
  ean       = {9783642201158},
  url       = {http://www.ebook.de/de/product/14732180/software_and_data_technologies.html},
}

@Misc{bubbleSortCode,
  howpublished = {Online},
  timestamp    = {2017-05-30},
  url          = {http://www.java-programmieren.com/bubblesort-java.php},
}

@Comment{jabref-meta: databaseType:bibtex;}
